<record><leader>00000cas a22000007a 4500</leader><controlfield tag="001">31283871</controlfield><controlfield tag="008">941014d19061907okuwr ne      0    0eng d</controlfield><datafield ind1=" " ind2=" " tag="010"><subfield code="a">sn 94061242 </subfield></datafield><datafield ind1=" " ind2=" " tag="040"><subfield code="a">OBN</subfield><subfield code="b">eng</subfield><subfield code="c">OBN</subfield><subfield code="d">OCL</subfield><subfield code="d">OCLCQ</subfield><subfield code="d">OCLCO</subfield></datafield><datafield ind1="1" ind2=" " tag="029"><subfield code="a">AU@</subfield><subfield code="b">000011305895</subfield></datafield><datafield ind1=" " ind2=" " tag="042"><subfield code="a">msc</subfield></datafield><datafield ind1=" " ind2=" " tag="043"><subfield code="a">n-us-ok</subfield></datafield><datafield ind1="0" ind2="0" tag="245"><subfield code="a">Shattuck homesteader.</subfield></datafield><datafield ind1="1" ind2="3" tag="246"><subfield code="a">Homesteader</subfield></datafield><datafield ind1=" " ind2=" " tag="260"><subfield code="a">Shattuck (Woodward County), Okla. :</subfield><subfield code="b">W.R. Snow</subfield></datafield><datafield ind1=" " ind2=" " tag="300"><subfield code="a">v.</subfield></datafield><datafield ind1=" " ind2=" " tag="310"><subfield code="a">Weekly</subfield></datafield><datafield ind1="0" ind2=" " tag="362"><subfield code="a">Vol. 4, no. 8 (Nov. 29, 1906)-v. 4, no. 31 (May 9, 1907).</subfield></datafield><datafield ind1=" " ind2="0" tag="651"><subfield code="a">Shattuck (Okla.)</subfield><subfield code="v">Newspapers.</subfield></datafield><datafield ind1=" " ind2="0" tag="651"><subfield code="a">Ellis County (Okla.)</subfield><subfield code="v">Newspapers.</subfield></datafield><datafield ind1=" " ind2="0" tag="651"><subfield code="a">Woodward County (Okla.)</subfield><subfield code="v">Newspapers.</subfield></datafield><datafield ind1=" " ind2=" " tag="752"><subfield code="a">United States</subfield><subfield code="b">Oklahoma</subfield><subfield code="c">Ellis</subfield><subfield code="d">Shattuck.</subfield></datafield><datafield ind1=" " ind2=" " tag="752"><subfield code="a">United States</subfield><subfield code="b">Oklahoma</subfield><subfield code="c">Woodward</subfield><subfield code="d">Shattuck.</subfield></datafield><datafield ind1="0" ind2="0" tag="780"><subfield code="t">Homesteader</subfield><subfield code="w">(DLC)sn 94061241</subfield><subfield code="w">(OCoLC)31283840</subfield></datafield><datafield ind1="0" ind2="0" tag="785"><subfield code="t">Square-dealer and the Shattuck homesteader</subfield><subfield code="w">(DLC)sn 94061243</subfield><subfield code="w">(OCoLC)31283908</subfield></datafield></record>